/home/davi/vilarinho/latex-templates/uni.bib